@book{Finlayson-Pitts2000,
author = {Finlayson-Pitts, Barbara J. and Pitts, James N.},
file = {:Users/mattdawson/Documents/recherche{\_}lite/Chemistry of the Upper and Lower Atmosphere Theory, Experiments, and Applications.pdf:pdf},
keywords = {EMSL proposal,PartMC references},
mendeley-tags = {EMSL proposal,PartMC references},
title = {{Chemistry of the Upper and Lower Atmosphere - Theory, Experiments, and Applications}},
year = {2000}
}
@article{Zender2002,
author = {Zender, Charlie},
file = {:Users/mattdawson/Documents/recherche{\_}lite/papers/Particle{\_}Size{\_}Distributions.pdf:pdf},
journal = {Particle Size Distributions: Theory and Applications to Aerosols, Clouds and Soils},
keywords = {2008-01-25)[2010-02-10]. Http://Dust. Ess. Uci. Ed,PartMC references},
mendeley-tags = {PartMC references},
title = {{Particle size distributions: theory and application to aerosols, clouds, and soils}},
url = {http://dust.ess.uci.edu/facts/psd/psd.pdf},
year = {2013}
}
